<collection xmlns="http://www.loc.gov/MARC21/slim"><record><leader>00625nam  2200193   450</leader><controlfield tag="001">103</controlfield><controlfield tag="003">http://montalegre.opacnet.com/OPAC/default.aspx?ContentAreaControl=ShowRegHoldings.ascx&amp;RegNo=16662</controlfield><datafield tag="035" ind1=" " ind2=" "><subfield code="a">cmpen002_f/16-02-2005/88</subfield></datafield><datafield tag="100" ind1=" " ind2=" "><subfield code="a">19990310f19601990a  y0pory0103    ba</subfield></datafield><datafield tag="101" ind1="1" ind2=" "><subfield code="a">por</subfield><subfield code="c">eng</subfield></datafield><datafield tag="102" ind1=" " ind2=" "><subfield code="a">PT</subfield></datafield><datafield tag="200" ind1="1" ind2=" "><subfield code="a">&lt;O &gt;filho de Ben Hur</subfield><subfield code="f">Roger Bourgeon</subfield><subfield code="g">tradução de Mário Domingues</subfield></datafield><datafield tag="205" ind1=" " ind2=" "><subfield code="a">3ª ed</subfield></datafield><datafield tag="210" ind1=" " ind2=" "><subfield code="a">Lisboa</subfield><subfield code="c">Romano Torres</subfield><subfield code="d">[196-?]</subfield></datafield><datafield tag="215" ind1=" " ind2=" "><subfield code="a">442p.</subfield><subfield code="d">21cm</subfield></datafield><datafield tag="675" ind1=" " ind2=" "><subfield code="a">82-311.3</subfield><subfield code="v">BN</subfield><subfield code="z">por</subfield></datafield><datafield tag="700" ind1=" " ind2="0"><subfield code="a">Bourgeon</subfield><subfield code="b">Roger</subfield></datafield><datafield tag="801" ind1=" " ind2="0"><subfield code="a">PT</subfield><subfield code="b">Biblioteca Municipal de Montalegre</subfield><subfield code="g">RPC</subfield></datafield><datafield tag="856" ind1=" " ind2=" "><subfield code="u">locateMedia.asp?cod=20060509090008&amp;ext=jpg</subfield><subfield code="z">CAPA</subfield></datafield><datafield tag="909" ind1="&#9;" ind2=" "><subfield code="a">1</subfield></datafield><datafield tag="966" ind1=" " ind2=" "><subfield code="a">0008590</subfield><subfield code="l">BMM</subfield><subfield code="s">SCG 821 BOU fil</subfield></datafield></record></collection>